@article{key,
  author    = {Author Name},
  title     = {Title of the Article},
  journal   = {Journal Name},
  year      = {Year},
  volume    = {Volume},
  number    = {Number},
  pages     = {Pages},
  publisher = {Publisher},
}